<collection xmlns="http://www.loc.gov/MARC21/slim"><record><leader>00871nam  2200253   450</leader><controlfield tag="001">130</controlfield><controlfield tag="003">http://montalegre.opacnet.com/OPAC/default.aspx?ContentAreaControl=ShowRegHoldings.ascx&amp;RegNo=16662</controlfield><controlfield tag="005">20</controlfield><datafield tag="100" ind1=" " ind2=" "><subfield code="a">20061013a1988 k y0pory0103 ba</subfield></datafield><datafield tag="101" ind1="1" ind2=" "><subfield code="a">por</subfield><subfield code="c">eng</subfield></datafield><datafield tag="102" ind1=" " ind2=" "><subfield code="a">PT</subfield></datafield><datafield tag="200" ind1="1" ind2=" "><subfield code="a">&lt;O &gt;monte dos vendavais</subfield><subfield code="f">Emily Brontë</subfield><subfield code="g">tradução de Maria Franco e Cabral do Nascimento</subfield></datafield><datafield tag="205" ind1=" " ind2=" "><subfield code="a">2ª ed</subfield></datafield><datafield tag="210" ind1=" " ind2=" "><subfield code="a">Mem Martins</subfield><subfield code="c">Europa-América</subfield><subfield code="d">1988</subfield></datafield><datafield tag="215" ind1=" " ind2=" "><subfield code="a">258 p.</subfield><subfield code="d">18 cm</subfield></datafield><datafield tag="225" ind1="2" ind2=" "><subfield code="a">Livros de bolso Europa-América</subfield><subfield code="v">10</subfield></datafield><datafield tag="606" ind1="1" ind2=" "><subfield code="a">Literatura inglesa</subfield></datafield><datafield tag="608" ind1=" " ind2=" "><subfield code="a">Romance</subfield><subfield code="2">Autoridade</subfield><subfield code="3">PT9999-00-10-2009040123590005548</subfield></datafield><datafield tag="675" ind1=" " ind2=" "><subfield code="a">821</subfield></datafield><datafield tag="700" ind1=" " ind2="1"><subfield code="a">Brontë</subfield><subfield code="b">Emily</subfield><subfield code="f">1818-1848</subfield></datafield><datafield tag="702" ind1=" " ind2="1"><subfield code="a">Franco</subfield><subfield code="b">Maria</subfield><subfield code="4">730</subfield></datafield><datafield tag="702" ind1=" " ind2="1"><subfield code="a">Nascimento</subfield><subfield code="b">Cabral do</subfield><subfield code="f">1897-1978</subfield><subfield code="4">730</subfield></datafield><datafield tag="801" ind1=" " ind2="0"><subfield code="a">PT</subfield><subfield code="b">Biblioteca Municipal de Montalegre</subfield><subfield code="g">RPC</subfield></datafield><datafield tag="856" ind1=" " ind2=" "><subfield code="u">locateMedia.asp?cod=20060509121313&amp;ext=jpg</subfield><subfield code="z">CAPA</subfield></datafield><datafield tag="909" ind1="&#9;" ind2=" "><subfield code="a">1</subfield></datafield><datafield tag="966" ind1=" " ind2=" "><subfield code="a">0011514</subfield><subfield code="l">BMM</subfield><subfield code="s">SCG 821 BRO mon 10</subfield></datafield></record></collection>